%  you will need to comment out the \bibliography{${PCODE}} line in your ${PCODE}.tex file

%    example how to to reference another paper in this volume, use something like GMYGLN for the PID
@INPROCEEDINGS{PID_adassxxx,
   author     = {{Author}, A.},
booktitle     = {ADASS XXXII},
     year     = 2023,
   editor     = {{Gaudet}, S. and {Gwyn}, S.},
   volume     = {TBD},
   series     = {ASP Conf. Ser.},
    pages     = {999 TBD},
    publisher = "ASP",
    address   = "San Francisco",
}

