% for cross referencing papers in this volume, cut and paste this into your personal bib file, 
% fill in your <paper_id> and <authors> and we will do the rest once we know it.
% optionally you can add
%       title = {Your Fantastic Title},
% below the author=, but this will not be used by the proceedings.

@INPROCEEDINGS{<paper_id>_adassxxix,
   author     = {{Author}, A.},
booktitle     = {ADASS XXX},
     year     = 2021,
   editor     = {{Ruiz}, J.-E. and {Pierfederici}, F.},
   volume     = {TBD},
   series     = {ASP Conf. Ser.},
    pages     = {999 TBD},
    publisher = "ASP",
    address   = "San Francisco",
}



@INPROCEEDINGS{<paper_id>_adassxxix,
   author     = {{Author}, A.},
booktitle     = {ADASS XXIX},
     year     = 2020,
   editor     = {{Pizzo}, R. and {Deul}, E. and {Mol}, J.-D. and {de Plaa}, J. and {Verkouter}, H. and {Williams}, R.},
   volume     = {524},
   series     = {ASP Conf. Ser.},
    pages     = {999 TBD},
    publisher = "ASP",
    address   = "San Francisco",
}

@INPROCEEDINGS{<paper_id>_adassxxviii,
   author     = {{Author}, A.},
booktitle     = {ADASS XXVIII},
     year     = 2019,
   editor     = {{Teuben}, P.~J. and {Pound}, M.~W. and {Thomas}, B.~A. and {Warner}, E.~M. },
   volume     = {523},
   series     = {ASP Conf. Ser.},
    pages     = {999 TBD},
    publisher = "ASP",
    address   = "San Francisco",
}

@INPROCEEDINGS{<paper_id>_adassxxvii,
    author    = {{Author}, A.},
booktitle     = {ADASS XXVII},    
    year      = 2019,
    editor    = {{Ibsen}, J. and {Solar}, M. and {Ballester}, P.},
    volume    = {522},
    series    = {ASP Conf. Ser.},
    pages     = {999 TBD},
    publisher = "ASP",
    address   = "San Francisco",
}

@INPROCEEDINGS{<paper_id>_adassxxvi,
    author    = {{Author}, A.},
booktitle     = {ADASS XXVI},    
    year      = 2019,
    editor    = {{Molinaro}, M. and {Shortridge}, K. and {Pasian}, P.},
    volume    = {521},
    series    = {ASP Conf. Ser.},
    pages     = {999 TBD},
    publisher = "ASP",
    address   = "San Francisco",
}

@ARTICLE{20yyarXivnnnn.mmmmm,
    author        = {{Author}, A.~N. and others},
    title         = "{A really important paper}",
    journal       = {ArXiv e­prints},
    archivePrefix = "arXiv",
    eprint        =  {arXiv:nnnn.mmmmm},
    year          =  20yy,
}
