@INPROCEEDINGS{2015ASPC..495...11M,
   author = {{Mink}, J. and {Mann}, R.~G. and {Hanisch}, R. and {Rots}, A. and 
	{Seaman}, R. and {Jenness}, T. and {Thomas}, B. and {O'Mullane}, W.
	},
    title = "{The Past, Present, and Future of Astronomical Data Formats}",
booktitle = {ADASS XXIV},
     year = 2015,
      series     = "ASP Conf. Ser.",
   volume = 495,
archivePrefix = "arXiv",
   eprint = {arXiv:1411.0996},
 primaryClass = "astro-ph.IM",
   editor = {{Taylor}, A.~R. and {Rosolowsky}, E.},
    month = sep,
    pages = {11},
   adsurl = {http://adsabs.harvard.edu/abs/2015ASPC..495...11M},
  adsnote = {Provided by the SAO/NASA Astrophysics Data System}
}

@ARTICLE{2015A&C....12..127M,
   author = {{Mann}, R.~G.},
    title = "{Editorial}",
  journal = {Astronomy and Computing},
     year = 2015,
    month = sep,
   volume = 12,
    pages = {127-127},
      doi = {10.1016/j.ascom.2015.09.002},
   adsurl = {http://adsabs.harvard.edu/abs/2015A\%26C....12..127M},
  adsnote = {Provided by the SAO/NASA Astrophysics Data System}
}

@ARTICLE{2015A&C....12..128M,
   author = {{Mink}, J.~D.},
    title = "{Astronomical data formats: What we have and how we got here}",
  journal = {Astronomy and Computing},
archivePrefix = "arXiv",
   eprint = {arXiv:1507.03646},
 primaryClass = "astro-ph.IM",
 keywords = {Data format, FITS, Distortion, WCS},
     year = 2015,
    month = sep,
   volume = 12,
    pages = {128-132},
      doi = {10.1016/j.ascom.2015.07.001},
   adsurl = {http://adsabs.harvard.edu/abs/2015A\%26C....12..128M},
  adsnote = {Provided by the SAO/NASA Astrophysics Data System}
}

@ARTICLE{2015A&C....12..133T,
   author = {{Thomas}, B. and others},
    title = "{Learning from FITS: Limitations in use in modern astronomical research}",
  journal = {Astronomy and Computing},
archivePrefix = "arXiv",
   eprint = {arXiv:1502.00996},
 primaryClass = "astro-ph.IM",
 keywords = {FITS, File formats, Standards},
     year = 2015,
    month = sep,
   volume = 12,
    pages = {133-145},
      doi = {10.1016/j.ascom.2015.01.009},
   adsurl = {http://adsabs.harvard.edu/abs/2015A\%26C....12..133T},
  adsnote = {Provided by the SAO/NASA Astrophysics Data System}
}

@ARTICLE{2015A&C....12..146J,
   author = {{Jenness}, T. and others},
    title = "{Learning from 25{\nbsp}years of the extensible N-Dimensional Data Format}",
  journal = {Astronomy and Computing},
archivePrefix = "arXiv",
   eprint = {arXiv:1410.7513},
 primaryClass = "astro-ph.IM",
 keywords = {Data formats, Data models, Starlink, History of computing},
     year = 2015,
    month = sep,
   volume = 12,
    pages = {146-161},
      doi = {10.1016/j.ascom.2014.11.001},
   adsurl = {http://adsabs.harvard.edu/abs/2015A\%26C....12..146J},
  adsnote = {Provided by the SAO/NASA Astrophysics Data System}
}

@ARTICLE{2015A&C....12..162J,
   author = {{Jenness}, T. and {Stobie}, E.~B. and {Maddalena}, R.~J. and 
	{Garwood}, R.~W. and {Fairclough}, J.~H. and {Prestage}, R.~M. and 
	{Tilanus}, R.~P.~J. and {Padman}, R.},
    title = "{The General Single-Dish Data format: A retrospective}",
  journal = {Astronomy and Computing},
archivePrefix = "arXiv",
   eprint = {arXiv:1506.03136},
 primaryClass = "astro-ph.IM",
 keywords = {Data formats, Submillimeter: general, History and philosophy of astronomy},
     year = 2015,
    month = sep,
   volume = 12,
    pages = {162-173},
      doi = {10.1016/j.ascom.2015.06.001},
   adsurl = {http://adsabs.harvard.edu/abs/2015A\%26C....12..162J},
  adsnote = {Provided by the SAO/NASA Astrophysics Data System}
}

@ARTICLE{2015A&C....12..174V,
   author = {{van Diepen}, G.~N.~J.},
    title = "{Casacore Table Data System and its use in the MeasurementSet}",
  journal = {Astronomy and Computing},
 keywords = {Astronomy, Storage, Query language, Data format},
     year = 2015,
    month = sep,
   volume = 12,
    pages = {174-180},
      doi = {10.1016/j.ascom.2015.06.002},
   adsurl = {http://adsabs.harvard.edu/abs/2015A\%26C....12..174V},
  adsnote = {Provided by the SAO/NASA Astrophysics Data System}
}

@ARTICLE{2015A&C....12..181M,
   author = {{Masui}, K. and others},
    title = "{A compression scheme for radio data in high performance computing}",
  journal = {Astronomy and Computing},
archivePrefix = "arXiv",
   eprint = {arXiv:1503.00638},
 primaryClass = "astro-ph.IM",
 keywords = {Radio astronomy, Data compression, HDF5, High performance computing},
     year = 2015,
    month = sep,
   volume = 12,
    pages = {181-190},
      doi = {10.1016/j.ascom.2015.07.002},
   adsurl = {http://adsabs.harvard.edu/abs/2015A\%26C....12..181M},
  adsnote = {Provided by the SAO/NASA Astrophysics Data System}
}

@ARTICLE{2015A&C....12..191A,
   author = {{Ahnen}, M.~L. and others},
    title = "{Data compression for the first G-APD Cherenkov Telescope}",
  journal = {Astronomy and Computing},
archivePrefix = "arXiv",
   eprint = {arXiv:1506.06045},
 primaryClass = "astro-ph.IM",
 keywords = {Gamma astronomy, Lossless compression, File format},
     year = 2015,
    month = sep,
   volume = 12,
    pages = {191-199},
      doi = {10.1016/j.ascom.2015.06.007},
   adsurl = {http://adsabs.harvard.edu/abs/2015A\%26C....12..191A},
  adsnote = {Provided by the SAO/NASA Astrophysics Data System}
}

@ARTICLE{2015A&C....12..200V,
   author = {{Vohl}, D. and {Fluke}, C.~J. and {Vernardos}, G.},
    title = "{Data compression in the petascale astronomy era: A GERLUMPH case study}",
  journal = {Astronomy and Computing},
archivePrefix = "arXiv",
   eprint = {arXiv:1505.05617},
 primaryClass = "astro-ph.IM",
 keywords = {Data compression, Data format, Standard, Big data, Quasar microlensing},
     year = 2015,
    month = sep,
   volume = 12,
    pages = {200-211},
      doi = {10.1016/j.ascom.2015.05.003},
   adsurl = {http://adsabs.harvard.edu/abs/2015A\%26C....12..200V},
  adsnote = {Provided by the SAO/NASA Astrophysics Data System}
}

@ARTICLE{2015A&C....12..212P,
   author = {{Price}, D.~C. and {Barsdell}, B.~R. and {Greenhill}, L.~J.},
    title = "{HDFITS: Porting the FITS data model to HDF5}",
  journal = {Astronomy and Computing},
archivePrefix = "arXiv",
   eprint = {arXiv:1505.06421},
 primaryClass = "astro-ph.IM",
 keywords = {FITS, HDF5, HDFITS, Data model},
     year = 2015,
    month = sep,
   volume = 12,
    pages = {212-220},
      doi = {10.1016/j.ascom.2015.05.001},
   adsurl = {http://adsabs.harvard.edu/abs/2015A\%26C....12..212P},
  adsnote = {Provided by the SAO/NASA Astrophysics Data System}
}

@ARTICLE{2015A&C....12..221J,
   author = {{Jenness}, T.},
    title = "{Reimplementing the Hierarchical Data System using HDF5}",
  journal = {Astronomy and Computing},
archivePrefix = "arXiv",
   eprint = {arXiv:1502.04029},
 primaryClass = "astro-ph.IM",
 keywords = {Data formats, Starlink},
     year = 2015,
    month = sep,
   volume = 12,
    pages = {221-228},
      doi = {10.1016/j.ascom.2015.02.003},
   adsurl = {http://adsabs.harvard.edu/abs/2015A\%26C....12..221J},
  adsnote = {Provided by the SAO/NASA Astrophysics Data System}
}

@ARTICLE{2015A&C....12..229K,
   author = {{Kitaeff}, V.~V. and {Cannon}, A. and {Wicenec}, A. and {Taubman}, D.
	},
    title = "{Astronomical imagery: Considerations for a contemporary approach with JPEG2000}",
  journal = {Astronomy and Computing},
archivePrefix = "arXiv",
   eprint = {arXiv:1403.2801},
 primaryClass = "astro-ph.IM",
 keywords = {Data format, File formats, JPEG2000, Standards},
     year = 2015,
    month = sep,
   volume = 12,
    pages = {229-239},
      doi = {10.1016/j.ascom.2014.06.002},
   adsurl = {http://adsabs.harvard.edu/abs/2015A\%26C....12..229K},
  adsnote = {Provided by the SAO/NASA Astrophysics Data System}
}

@ARTICLE{2015A&C....12..240G,
   author = {{Greenfield}, P. and {Droettboom}, M. and {Bray}, E.},
    title = "{ASDF: A new data format for astronomy}",
  journal = {Astronomy and Computing},
 keywords = {FITS, File formats, Standards, World coordinate system},
     year = 2015,
    month = sep,
   volume = 12,
    pages = {240-251},
      doi = {10.1016/j.ascom.2015.06.004},
   adsurl = {http://adsabs.harvard.edu/abs/2015A\%26C....12..240G},
  adsnote = {Provided by the SAO/NASA Astrophysics Data System}
}

@INPROCEEDINGS{2011ASPC..442...53A,
   author = {{Anderson}, K. and {Alexov}, A. and {B{\"a}hren}, L. and {Grie{\ss}meier}, J.-M. and 
	{Wise}, M. and {Renting}, G.~A.},
    title = "{LOFAR and HDF5: Toward a New Radio Data Standard}",
booktitle = {ADASS XX},
     year = 2011,
      series     = "ASP Conf. Ser.",
   volume = 442,
archivePrefix = "arXiv",
   eprint = {arXiv:1012.2266},
 primaryClass = "astro-ph.IM",
   editor = {{Evans}, I.~N. and {Accomazzi}, A. and {Mink}, D.~J. and {Rots}, A.~H.
	},
    month = jul,
    pages = {53},
   adsurl = {http://adsabs.harvard.edu/abs/2011ASPC..442...53A},
  adsnote = {Provided by the SAO/NASA Astrophysics Data System}
}

@INPROCEEDINGS{2012ASPC..461..283A,
   author = {{Alexov}, A. and others},
    title = "{Status of LOFAR Data in HDF5 Format}",
booktitle = {ADASS XXI},
     year = 2012,
      series     = "ASP Conf. Ser.",
   volume = 461,
   editor = {{Ballester}, P. and {Egret}, D. and {Lorente}, N.~P.~F.},
    month = sep,
    pages = {283},
   adsurl = {http://adsabs.harvard.edu/abs/2012ASPC..461..283A},
  adsnote = {Provided by the SAO/NASA Astrophysics Data System}
}

@ARTICLE{2012arXiv1204.3055M,
   author = {{McDowell}, J. and others},
    title = "{IVOA Recommendation: Spectrum Data Model 1.1}",
  journal = {ArXiv e-prints},
archivePrefix = "arXiv",
   eprint = {1204.3055},
 primaryClass = "astro-ph.IM",
 keywords = {Astrophysics - Instrumentation and Methods for Astrophysics},
     year = 2012,
    month = apr,
   adsurl = {http://adsabs.harvard.edu/abs/2012arXiv1204.3055M},
  adsnote = {Provided by the SAO/NASA Astrophysics Data System}
}

@INPROCEEDINGS{2015ASPC..495..551R,
   author = {{Raugh}, A.~C. and {Hughes}, J.~S.},
    title = "{An Overview of PDS4 Archival File Formats}",
booktitle = {ADASS XXIV},
     year = 2015,
      series     = "ASP Conf. Ser.",
   volume = 495,
   editor = {{Taylor}, A.~R. and {Rosolowsky}, E.},
    month = sep,
    pages = {551},
   adsurl = {http://adsabs.harvard.edu/abs/2015ASPC..495..551R},
  adsnote = {Provided by the SAO/NASA Astrophysics Data System}
}

@inproceedings{O11-4_adassxxv,
      author     = "{Kitaeff}, V.~V. and {Marrable}, D. and {Mararecki}, J.~T. and  {Wicenec}, A. and {Wu}, C. and {Harrison}, J.",
      booktitle     = "ADASS XXV",
      year     = 2016,
      editor     = "Lorente, N.~P.~F. and Shortridge, K. and Wayth, R.",
      volume     = "TBD",
      series     = "ASP Conf. Ser.",
      pages     = "TBD",
      publisher     = "ASP",
      address     ="San Francisco",
}

@inproceedings{P078_adassxxv,
      author     = "{Muna}, D.",
      booktitle     = "ADASS XXV",
      year     = 2016,
      editor     = "Lorente, N.~P.~F. and Shortridge, K. and Wayth, R.",
      volume     = "TBD",
      series     = "ASP Conf. Ser.",
      pages     = "TBD",
      publisher     = "ASP",
      address     ="San Francisco",
}

@inproceedings{P092_adassxxv,
      author     = "{Raugh}, A.~C.",
      booktitle     = "ADASS XXV",
      year     = 2016,
      editor     = "Lorente, N.~P.~F. and Shortridge, K. and Wayth, R.",
      volume     = "TBD",
      series     = "ASP Conf. Ser.",
      pages     = "TBD",
      publisher     = "ASP",
      address     ="San Francisco",
}

@inproceedings{P056_adassxxv,
      author     = "{Jenness}, T.",
      booktitle     = "ADASS XXV",
      year     = 2016,
      editor     = "Lorente, N.~P.~F. and Shortridge, K. and Wayth, R.",
      volume     = "TBD",
      series     = "ASP Conf. Ser.",
      pages     = "TBD",
      publisher     = "ASP",
      address     ="San Francisco",
}

@INPROCEEDINGS{2015ASPC..495..527S,
   author = {{Shortridge}, K.},
    title = "{A Glimpse at Different File Formats}",
booktitle = {ADASS XXIV},
     year = 2015,
      series     = "ASP Conf. Ser.",
   volume = 495,
   editor = {{Taylor}, A.~R. and {Rosolowsky}, E.},
    month = sep,
    pages = {527},
   adsurl = {http://adsabs.harvard.edu/abs/2015ASPC..495..527S},
  adsnote = {Provided by the SAO/NASA Astrophysics Data System}
}

@INPROCEEDINGS{1999ASPC..172..487P,
   author = {{Pence}, W.},
    title = "{CFITSIO, v2.0: A New Full-Featured Data Interface}",
booktitle = {ADASS VIII},
     year = 1999,
      series     = "ASP Conf. Ser.",
   volume = 172,
   editor = {{Mehringer}, D.~M. and {Plante}, R.~L. and {Roberts}, D.~A.},
    pages = {487},
   adsurl = {http://adsabs.harvard.edu/abs/1999ASPC..172..487P},
  adsnote = {Provided by the SAO/NASA Astrophysics Data System}
}

@INPROCEEDINGS{1995ASPC...77..199A,
   author = {{Allan}, D.~J.},
    title = "{An Abstract Data Interface}",
booktitle = {ADASS IV},
     year = 1995,
      series     = "ASP Conf. Ser.",
   volume = 77,
   editor = {{Shaw}, R.~A. and {Payne}, H.~E. and {Hayes}, J.~J.~E.},
    pages = {199},
   adsurl = {http://adsabs.harvard.edu/abs/1995ASPC...77..199A},
  adsnote = {Provided by the SAO/NASA Astrophysics Data System}
}

@INTECHREPORT{Starlink_SSN_20.3W,
   author = {{Warren-Smith}, R.~F. and {Berry}, D.~S.},
    title = "{Starlink System Note 20: Adding Format Conversion Facilities to the NDF Data Access Library}",
    institution = {Starlink Project},
     year = 2000,
   number = {20},
   url = {http://www.starlink.rl.ac.uk/docs/ssn20.htx/ssn20.html}
}
